@article {cartan1955steenrod,
	AUTHOR = {Cartan, Henri},
	TITLE = {Sur l'it\'{e}ration des op\'{e}rations de {S}teenrod},
	JOURNAL = {Comment. Math. Helv.},
	FJOURNAL = {Commentarii Mathematici Helvetici},
	VOLUME = {29},
	YEAR = {1955},
	PAGES = {40--58},
	ISSN = {0010-2571},
	MRCLASS = {56.0X},
	MRNUMBER = {68219},
	MRREVIEWER = {J. Adem},
	DOI = {10.1007/BF02564270},
	URL = {https://doi.org/10.1007/BF02564270},
}

@book {baues2006secondary,
	AUTHOR = {Baues, Hans-Joachim},
	TITLE = {The algebra of secondary cohomology operations},
	SERIES = {Progress in Mathematics},
	VOLUME = {247},
	PUBLISHER = {Birkh\"{a}user Verlag, Basel},
	YEAR = {2006},
	PAGES = {xxxii+483},
	ISBN = {3-7643-7448-9; 978-3-7643-7448-8},
	MRCLASS = {55S20 (18G10 55T15)},
	MRNUMBER = {2220189},
	MRREVIEWER = {David Chataur},
	DOI = {10.1007/3-7643-7449-7},
	URL = {https://doi.org/10.1007/3-7643-7449-7},
}

@article {loday2004stasheff,
	AUTHOR = {Loday, Jean-Louis},
	TITLE = {Realization of the {S}tasheff polytope},
	JOURNAL = {Arch. Math. (Basel)},
	FJOURNAL = {Archiv der Mathematik},
	VOLUME = {83},
	YEAR = {2004},
	NUMBER = {3},
	PAGES = {267--278},
	ISSN = {0003-889X},
	MRCLASS = {52B11 (55P47 55P48)},
	MRNUMBER = {2108555},
	MRREVIEWER = {Richard John Steiner},
	DOI = {10.1007/s00013-004-1026-y},
	URL = {https://doi.org/10.1007/s00013-004-1026-y},
}

@INPROCEEDINGS{minimal,
	author={Tahbaz-Salehi, Alireza and Jadbabaie, Ali},
	booktitle={2008 47th IEEE Conference on Decision and Control},
	title={Distributed coverage verification in sensor networks without location information},
	year={2008},
	pages={4170-4176},
	doi={10.1109/CDC.2008.4738751}}

@article{obayashi2018optimal,
	author = {Obayashi, Ippei},
	title = {Volume-Optimal Cycle: Tightest Representative Cycle of a Generator in Persistent Homology},
	journal = {SIAM Journal on Applied Algebra and Geometry},
	volume = {2},
	number = {4},
	pages = {508-534},
	year = {2018},
	doi = {10.1137/17M1159439},
	URL = {https://doi.org/10.1137/17M1159439}}

@inproceedings{maria2014gudhi,
	title={The gudhi library: Simplicial complexes and persistent homology},
	author={Maria, Cl{\'e}ment and Boissonnat, Jean-Daniel and Glisse, Marc and Yvinec, Mariette},
	booktitle={Mathematical Software--ICMS 2014: 4th International Congress, Seoul, South Korea, August 5-9, 2014. Proceedings 4},
	pages={167--174},
	year={2014},
	organization={Springer}
}

@article{dijkgraaf1990topological,
	title={Topological gauge theories and group cohomology},
	author={Dijkgraaf, Robbert and Witten, Edward},
	journal={Communications in Mathematical Physics},
	volume={129},
	pages={393--429},
	year={1990},
	publisher={Springer}
}

@article {turaev1992invariants,
	AUTHOR = {Turaev, V. G. and Viro, O. Ya.},
	TITLE = {State sum invariants of {$3$}-manifolds and quantum
	{$6j$}-symbols},
	JOURNAL = {Topology},
	FJOURNAL = {Topology. An International Journal of Mathematics},
	VOLUME = {31},
	YEAR = {1992},
	NUMBER = {4},
	PAGES = {865--902},
	ISSN = {0040-9383},
	MRCLASS = {57N10 (16W30 57M25)},
	MRNUMBER = {1191386},
	MRREVIEWER = {Louis H. Kauffman},
	DOI = {10.1016/0040-9383(92)90015-A},
	URL = {https://doi.org/10.1016/0040-9383(92)90015-A},
}

@article{lurie2008classification,
	title={On the classification of topological field theories},
	author={Lurie, Jacob},
	journal={Current developments in mathematics},
	volume={2008},
	number={1},
	pages={129--280},
	year={2008},
	publisher={International Press of Boston}
}

@article{baez1995higher,
	title={Higher-dimensional algebra and topological quantum field theory},
	author={Baez, John C and Dolan, James},
	journal={Journal of mathematical physics},
	volume={36},
	number={11},
	pages={6073--6105},
	year={1995},
	publisher={American Institute of Physics}
}

@incollection {segal1988conformal,
	AUTHOR = {Segal, G. B.},
	TITLE = {The definition of conformal field theory},
	BOOKTITLE = {Differential geometrical methods in theoretical physics
	({C}omo, 1987)},
	SERIES = {NATO Adv. Sci. Inst. Ser. C: Math. Phys. Sci.},
	VOLUME = {250},
	PAGES = {165--171},
	PUBLISHER = {Kluwer Acad. Publ., Dordrecht},
	YEAR = {1988},
	MRCLASS = {58D30 (14H15 32G15 81E05 81E40)},
	MRNUMBER = {981378},
	MRREVIEWER = {Yukihiko Namikawa},
}

@article {atiyah1988tqft,
	AUTHOR = {Atiyah, Michael},
	TITLE = {Topological quantum field theories},
	JOURNAL = {Inst. Hautes \'{E}tudes Sci. Publ. Math.},
	FJOURNAL = {Institut des Hautes \'{E}tudes Scientifiques. Publications
	Math\'{e}matiques},
	NUMBER = {68},
	YEAR = {1988},
	PAGES = {175--186 (1989)},
	ISSN = {0073-8301},
	MRCLASS = {57R55 (58E15 81E13 81E40)},
	MRNUMBER = {1001453},
	MRREVIEWER = {Matthias Blau},
	URL = {http://www.numdam.org/item?id=PMIHES_1988__68__175_0},
}

@inproceedings{kitaev2009periodic,
	title={Periodic table for topological insulators and superconductors},
	author={Kitaev, Alexei},
	booktitle={AIP conference proceedings},
	volume={1134},
	number={1},
	pages={22--30},
	year={2009},
	organization={American Institute of Physics}
}

@article{otter2017roadmap,
	title={A roadmap for the computation of persistent homology},
	author={Otter, Nina and Porter, Mason A and Tillmann, Ulrike and Grindrod, Peter and Harrington, Heather A},
	journal={EPJ Data Science},
	volume={6},
	pages={1--38},
	year={2017},
	publisher={Springer}
}

@InProceedings{memoli2022cup_length,
	author =	{Contessoto, Marco and M\'{e}moli, Facundo and Stefanou, Anastasios and Zhou, Ling},
	title =	{{Persistent Cup-Length}},
	booktitle =	{38th International Symposium on Computational Geometry (SoCG 2022)},
	pages =	{31:1--31:17},
	series =	{Leibniz International Proceedings in Informatics (LIPIcs)},
	ISBN =	{978-3-95977-227-3},
	ISSN =	{1868-8969},
	year =	{2022},
	volume =	{224},
	editor =	{Goaoc, Xavier and Kerber, Michael},
	publisher =	{Schloss Dagstuhl -- Leibniz-Zentrum f{\"u}r Informatik},
	address =	{Dagstuhl, Germany},
	URL =		{https://drops.dagstuhl.de/opus/volltexte/2022/16039},
	URN =		{urn:nbn:de:0030-drops-160398},
	doi =		{10.4230/LIPIcs.SoCG.2022.31},
	annote =	{Keywords: cohomology, cup product, persistence, cup length, Gromov-Hausdorff distance}
}

@book{carlsson2021topological,
	title={Topological data analysis with applications},
	author={Carlsson, Gunnar and Vejdemo-Johansson, Mikael},
	year={2021},
	publisher={Cambridge University Press}
}

@book{young2004computational,
	title={Computational chemistry: a practical guide for applying techniques to real world problems},
	author={Young, David},
	year={2004},
	publisher={John Wiley \& Sons}
}

@ARTICLE{seed2012khovanov,
	author = {{Seed}, Cotton},
	title = "{Computations of the Lipshitz-Sarkar Steenrod Square on Khovanov Homology}",
	journal = {arXiv e-prints},
	year = {2012},
	eid = {arXiv:1210.1882},
	doi = {10.48550/arXiv.1210.1882},
	archivePrefix = {arXiv},
	eprint = {1210.1882},
}

@phdthesis{milstein2022khovanov,
	author = {Milstein, Sarah},
	advisor = {Tyler, Lawson,},
	title = "{Steenrod Squares on Khovanov Homology and an Implementation}",
	year = {2022},
	publisher = {University of Minnesota},
	url = {https://conservancy.umn.edu/handle/11299/252325}
}

@article {lipshitz2014steenrod,
	AUTHOR = {Lipshitz, Robert and Sarkar, Sucharit},
	TITLE = {A {S}teenrod square on {K}hovanov homology},
	JOURNAL = {J. Topol.},
	FJOURNAL = {Journal of Topology},
	VOLUME = {7},
	YEAR = {2014},
	NUMBER = {3},
	PAGES = {817--848},
	ISSN = {1753-8416},
	MRCLASS = {57M25 (55P42 55S10)},
	MRNUMBER = {3252965},
	MRREVIEWER = {Nikolai N. Saveliev},
	DOI = {10.1112/jtopol/jtu005},
	URL = {https://doi.org/10.1112/jtopol/jtu005},
}

@article{khovanov2000khovanov,
	AUTHOR = {Khovanov, Mikhail},
	TITLE = {A categorification of the {J}ones polynomial},
	JOURNAL = {Duke Math. J.},
	FJOURNAL = {Duke Mathematical Journal},
	VOLUME = {101},
	YEAR = {2000},
	NUMBER = {3},
	PAGES = {359--426},
	ISSN = {0012-7094},
	MRCLASS = {57M27 (57R56)},
	MRNUMBER = {1740682},
	DOI = {10.1215/S0012-7094-00-10131-7},
	URL = {https://doi.org/10.1215/S0012-7094-00-10131-7},
}

@article{kriz2016khovanov,
	AUTHOR = {Hu, Po and Kriz, Daniel and Kriz, Igor},
	TITLE = {Field theories, stable homotopy theory, and {K}hovanov
	homology},
	JOURNAL = {Topology Proc.},
	FJOURNAL = {Topology Proceedings},
	VOLUME = {48},
	YEAR = {2016},
	PAGES = {327--360},
	ISSN = {0146-4124},
	MRCLASS = {57R56 (55P43 57M27)},
	MRNUMBER = {3465966},
	MRREVIEWER = {Nikolai N. Saveliev},
}

@article{lipshitz2014khovanov,
	AUTHOR = {Lipshitz, Robert and Sarkar, Sucharit},
	TITLE = {A {K}hovanov stable homotopy type},
	JOURNAL = {J. Amer. Math. Soc.},
	FJOURNAL = {Journal of the American Mathematical Society},
	VOLUME = {27},
	YEAR = {2014},
	NUMBER = {4},
	PAGES = {983--1042},
	ISSN = {0894-0347},
	MRCLASS = {57M25 (55P42)},
	MRNUMBER = {3230817},
	MRREVIEWER = {Nikolai N. Saveliev},
	DOI = {10.1090/S0894-0347-2014-00785-2},
	URL = {https://doi.org/10.1090/S0894-0347-2014-00785-2},
}

@article {mandell2006cochains,
	AUTHOR = {Mandell, Michael A.},
	TITLE = {Cochains and homotopy type},
	JOURNAL = {Publ. Math. Inst. Hautes \'{E}tudes Sci.},
	FJOURNAL = {Publications Math\'{e}matiques. Institut de Hautes \'{E}tudes
	Scientifiques},
	NUMBER = {103},
	YEAR = {2006},
	PAGES = {213--246},
	ISSN = {0073-8301},
	MRCLASS = {55P15 (55N10 55P60)},
	MRNUMBER = {2233853},
	MRREVIEWER = {Donald Yau},
	DOI = {10.1007/s10240-006-0037-6},
	URL = {https://doi.org/10.1007/s10240-006-0037-6},
}

@article {ginot2021multiplicative,
	title={Multiplicative persistent distances},
	author={Gr√©gory Ginot and Johan Leray},
	year={2021},
	eprint={1905.12307},
	archivePrefix={arXiv},
	primaryClass={math.AT}
}

@article {sullivan1976signature,
	AUTHOR = {Ranicki, Andrew and Sullivan, Dennis},
	TITLE = {A semi-local combinatorial formula for the signature of a
	{$4k$}-manifold},
	JOURNAL = {J. Differential Geometry},
	FJOURNAL = {Journal of Differential Geometry},
	VOLUME = {11},
	YEAR = {1976},
	NUMBER = {1},
	PAGES = {23--29},
	ISSN = {0022-040X},
	MRCLASS = {57D20},
	MRNUMBER = {423366},
	MRREVIEWER = {K. Lamotke},
	URL = {http://projecteuclid.org/euclid.jdg/1214433294},
}

@incollection {ginot2015factorization.algebras,
	AUTHOR = {Ginot, Gr\'{e}gory},
	TITLE = {Notes on factorization algebras, factorization homology and
	applications},
	BOOKTITLE = {Mathematical aspects of quantum field theories},
	SERIES = {Math. Phys. Stud.},
	PAGES = {429--552},
	PUBLISHER = {Springer, Cham},
	YEAR = {2015},
	MRCLASS = {81T17 (81T45)},
	MRNUMBER = {3330249},
	MRREVIEWER = {David Chataur},
}

@article {billera1992fiber.polytopes,
	AUTHOR = {Billera, Louis J. and Sturmfels, Bernd},
	TITLE = {Fiber polytopes},
	JOURNAL = {Ann. of Math. (2)},
	FJOURNAL = {Annals of Mathematics. Second Series},
	VOLUME = {135},
	YEAR = {1992},
	NUMBER = {3},
	PAGES = {527--549},
	ISSN = {0003-486X},
	MRCLASS = {52B05 (52B12 52B35)},
	MRNUMBER = {1166643},
	MRREVIEWER = {P. McMullen},
	DOI = {10.2307/2946575},
	URL = {https://doi.org/10.2307/2946575},
}

@incollection {kapranov1991polycategories,
	AUTHOR = {Kapranov, M. M. and Voevodsky, V. A.},
	TITLE = {Combinatorial-geometric aspects of polycategory theory:
	pasting schemes and higher {B}ruhat orders (list of results)},
	NOTE = {International Category Theory Meeting (Bangor, 1989 and
	Cambridge, 1990)},
	JOURNAL = {Cahiers Topologie G\'{e}om. Diff\'{e}rentielle Cat\'{e}g.},
	FJOURNAL = {Cahiers de Topologie et G\'{e}om\'{e}trie Diff\'{e}rentielle Cat\'{e}goriques},
	VOLUME = {32},
	YEAR = {1991},
	NUMBER = {1},
	PAGES = {11--27},
	ISSN = {0008-0004},
	MRCLASS = {18D05 (52B30)},
	MRNUMBER = {1130400},
	MRREVIEWER = {R. H. Street},
	URL = {https://eudml.org/doc/91468}
}

@article {vallette2021associahedra,
	AUTHOR = {Masuda, Naruki and Thomas, Hugh and Tonks, Andy and Vallette,
	Bruno},
	TITLE = {The diagonal of the associahedra},
	JOURNAL = {J. \'{E}c. polytech. Math.},
	FJOURNAL = {Journal de l'\'{E}cole polytechnique. Math\'{e}matiques},
	VOLUME = {8},
	YEAR = {2021},
	PAGES = {121--146},
	ISSN = {2429-7100},
	MRCLASS = {52B05 (06A07 18M70 18M75)},
	MRNUMBER = {4191110},
	DOI = {10.5802/jep.142},
	URL = {https://doi.org/10.5802/jep.142},
}

@phdthesis{bandiera2014thesis,
	title={Higher Deligne groupoids, derived brackets and deformation problems in holomorphic Poisson geometry},
	author={Bandiera, Ruggero},
	year={2014},
	school={PhD thesis, Universit{\`a} degli studi di Roma ‚ÄúLa Sapienza}
}

@article {robert-nicoud2018deformation,
	AUTHOR = {Robert-Nicoud, Daniel},
	TITLE = {Deformation theory with homotopy algebra structures on tensor
	products},
	JOURNAL = {Doc. Math.},
	FJOURNAL = {Documenta Mathematica},
	VOLUME = {23},
	YEAR = {2018},
	PAGES = {189--240},
	ISSN = {1431-0635},
	MRCLASS = {18M60 (08C05 18N40)},
	MRNUMBER = {3846059},
	MRREVIEWER = {Beno\^{\i}t Fresse},
}

@ARTICLE{parent2012interval,
	AUTHOR = {Parent, Paul-Eug\`ene and Tanr\'{e}, Daniel},
	TITLE = {Lawrence-{S}ullivan models for the interval},
	JOURNAL = {Topology Appl.},
	FJOURNAL = {Topology and its Applications},
	VOLUME = {159},
	YEAR = {2012},
	NUMBER = {1},
	PAGES = {371--378},
	ISSN = {0166-8641},
	MRCLASS = {55P62 (17B70)},
	MRNUMBER = {2852982},
	MRREVIEWER = {Marc Aubry},
	DOI = {10.1016/j.topol.2011.10.006},
	URL = {https://doi.org/10.1016/j.topol.2011.10.006},
}

@article {buijs2013algebraicmodels,
	AUTHOR = {Buijs, Urtzi and Murillo, Aniceto},
	TITLE = {Algebraic models of non-connected spaces and homotopy theory
	of {$L_\infty$} algebras},
	JOURNAL = {Adv. Math.},
	FJOURNAL = {Advances in Mathematics},
	VOLUME = {236},
	YEAR = {2013},
	PAGES = {60--91},
	ISSN = {0001-8708},
	MRCLASS = {55P62},
	MRNUMBER = {3019716},
	MRREVIEWER = {Samuel B. Smith},
	DOI = {10.1016/j.aim.2012.12.014},
	URL = {https://doi.org/10.1016/j.aim.2012.12.014},
}

@article {lawrence2019triangle,
	AUTHOR = {Griniasty, Itay and Lawrence, Ruth},
	TITLE = {An explicit symmetric {DGLA} model of a triangle},
	JOURNAL = {High. Struct.},
	FJOURNAL = {Higher Structures},
	VOLUME = {3},
	YEAR = {2019},
	NUMBER = {1},
	PAGES = {1--16},
	MRCLASS = {17B55 (17B01 55U15)},
	MRNUMBER = {3939044},
	MRREVIEWER = {Xue Feng Mao},
	url = {https://journals.mq.edu.au/index.php/higher_structures/article/view/85}
}

@article {lawrence2021cells,
	AUTHOR = {Griniasty, Itay and Lawrence, Ruth},
	TITLE = {Explicit symmetric {DGLA} models of 3-cells},
	JOURNAL = {Canad. Math. Bull.},
	FJOURNAL = {Canadian Mathematical Bulletin. Bulletin Canadien de
	Math\'{e}matiques},
	VOLUME = {64},
	YEAR = {2021},
	NUMBER = {2},
	PAGES = {368--382},
	ISSN = {0008-4395},
	MRCLASS = {17B55 (17B01 55U15)},
	MRNUMBER = {4273206},
	DOI = {10.4153/S0008439520000508},
	URL = {https://doi.org/10.4153/S0008439520000508},
}

@ARTICLE{lipshitz2020diagonals,
	author = {{Lipshitz}, Robert and {Ozsv{\'a}th}, Peter and {Thurston}, Dylan},
	title = "{Diagonals and A-infinity Tensor Products}",
	journal = {arXiv e-prints},
	keywords = {Mathematics - Rings and Algebras, Mathematics - Geometric Topology, Mathematics - Symplectic Geometry},
	year = 2020,
	month = sep,
	eid = {arXiv:2009.05222},
	pages = {arXiv:2009.05222},
	archivePrefix = {arXiv},
	eprint = {2009.05222},
	primaryClass = {math.RA},
	adsurl = {https://ui.adsabs.harvard.edu/abs/2020arXiv200905222L},
	adsnote = {Provided by the SAO/NASA Astrophysics Data System}
}


